<?xml version="1.0" encoding="UTF-8"?><record xmlns="http://www.loc.gov/MARC21/slim" xmlns:cinclude="http://apache.org/cocoon/include/1.0" xmlns:zs="http://www.loc.gov/zing/srw/">
  <leader>00367nz  a2200133n  4500</leader>
  <controlfield tag="001">no2008103291</controlfield>
  <controlfield tag="003">DLC</controlfield>
  <controlfield tag="005">20080718075426.0</controlfield>
  <controlfield tag="008">080716n| acannaabn          |n aaa     c</controlfield>
  <datafield tag="010" ind1=" " ind2=" ">
    <subfield code="a">no2008103291</subfield>
  </datafield>
  <datafield tag="035" ind1=" " ind2=" ">
    <subfield code="a">(OCoLC)oca07822714</subfield>
  </datafield>
  <datafield tag="040" ind1=" " ind2=" ">
    <subfield code="a">InU-AT</subfield>
    <subfield code="b">eng</subfield>
    <subfield code="c">InU-AT</subfield>
  </datafield>
  <datafield tag="100" ind1="1" ind2=" ">
    <subfield code="a">Martinez, Ernest</subfield>
  </datafield>
  <datafield tag="670" ind1=" " ind2=" ">
    <subfield code="a">Taos Pueblo round dance [SR] p1974:</subfield>
    <subfield code="b">label (Ernest Martinez, singer)</subfield>
  </datafield>
</record>